<?xml version="1.0" encoding="UTF-8"?><collection xmlns="http://www.loc.gov/MARC21/slim"><record><leader>00565nam--2200181-i-4500</leader><controlfield tag="001">000014181</controlfield><controlfield tag="002">20161230</controlfield><controlfield tag="005">20161230201030</controlfield><controlfield tag="008">060222s1000------------r-----000-0-eng-d</controlfield><datafield ind1=" " ind2=" " tag="040"><subfield code="a">IFIN-HH</subfield></datafield><datafield ind1=" " ind2=" " tag="080"><subfield code="a">519.7:531.19(061.3)</subfield></datafield><datafield ind1="1" ind2=" " tag="100"><subfield code="a">Haken, H</subfield></datafield><datafield ind1="1" ind2="0" tag="245"><subfield code="a">Springer series in synergetics. vol. 11. chaos and order in nature. proceedings, schloss elmau, bavaria, 1981</subfield><subfield code="c">H. haken (ed.)</subfield></datafield><datafield ind1=" " ind2=" " tag="260"><subfield code="a">Berlin</subfield><subfield code="b">Springer-verlag</subfield><subfield code="c">1981</subfield></datafield><datafield ind1=" " ind2=" " tag="300"><subfield code="a">VIII + 275P</subfield></datafield><datafield ind1=" " ind2=" " tag="490"><subfield code="a">Springer Series In Synergetics, 11</subfield></datafield><datafield ind1=" " ind2=" " tag="852"><subfield code="a">47885</subfield><subfield code="c">53</subfield></datafield><datafield ind1=" " ind2=" " tag="CAT"><subfield code="a">Sys</subfield><subfield code="c">20150326</subfield><subfield code="h">134312</subfield></datafield></record></collection>